<?xml version="1.0" encoding="UTF-8"?><collection xmlns="http://www.loc.gov/MARC21/slim"><record><leader>00615nam--2200169-i-4500</leader><controlfield tag="001">000044259</controlfield><controlfield tag="002">20161230</controlfield><controlfield tag="005">20161230201044</controlfield><controlfield tag="008">060222s1000------------r-----000-0-eng-d</controlfield><datafield ind1=" " ind2=" " tag="080"><subfield code="a">539.172.17:061.3</subfield></datafield><datafield ind1="1" ind2=" " tag="100"><subfield code="a">Martinot, M</subfield></datafield><datafield ind1="1" ind2="0" tag="245"><subfield code="a">Theoretical approaches of heavy ion reaction mechanisms</subfield><subfield code="b">Proceedings of the international conference on theoretical approaches of heavy ion reaction mechanisms, paris, may 14-18, 1984</subfield><subfield code="c">M. martinot, c.ngo, f.lepage (eds.)</subfield></datafield><datafield ind1=" " ind2=" " tag="260"><subfield code="a">Amsterdam</subfield><subfield code="b">North-holland</subfield><subfield code="c">1984</subfield></datafield><datafield ind1=" " ind2=" " tag="300"><subfield code="a">XI+430P</subfield></datafield><datafield ind1="1" ind2=" " tag="700"><subfield code="a">Lepage,F</subfield><subfield code="e">Ed</subfield></datafield><datafield ind1=" " ind2=" " tag="852"><subfield code="a">72073</subfield><subfield code="c">539.17</subfield></datafield><datafield ind1=" " ind2=" " tag="CAT"><subfield code="a">Sys</subfield><subfield code="c">20120622</subfield><subfield code="h">134006</subfield></datafield></record></collection>